@techreport{Asanovic2014InstructionRISC-V,
    title = {{Instruction Sets Should Be Free: The Case For RISC-V}},
    year = {2014},
    author = {Asanovi{\'{c}}, Krste and Patterson, David A},
    url = {http://www.eecs.berkeley.edu/Pubs/TechRpts/2014/EECS-2014-146.html}
}

@incollection{JohnL.HenessyInterconnectionNetworks,
    title = {{Interconnection Networks}},
    booktitle = {Computer architecture: a quantitative approach},
    author = {{John L. Henessy} and {David A. Patterson}},
    edition = {6},
    isbn = {9780128119068}
}

@book{Jantsch2003NetworksChip,
    title = {{Networks on chip}},
    year = {2003},
    author = {Jantsch, Axel. and Tenhunen, Hannu.},
    pages = {},
    publisher = {Kluwer Academic Publishers},
    isbn = {0306487276}
}

@book{DeMicheli2006NetworksTools,
    title = {{Networks on Chips. Technology and Tools}},
    year = {2006},
    author = {De Micheli, Giovanni and Benini, Luca},
    edition = {1st},
    publisher = {Elsevier},
    isbn = {978-0-12-370521-1}
}

@article{Hayden1996ProbabilisticBroadcast,
    title = {{Probabilistic Broadcast}},
    year = {1996},
    author = {Hayden, Mark and Birman, Ken},
    month = {9}
}

@techreport{Chen2016RISC-VGeneology,
    title = {{RISC-V Geneology}},
    year = {2016},
    author = {Chen, Tony and Patterson, David A},
    url = {http://www.eecs.berkeley.edu/Pubs/TechRpts/2016/EECS-2016-6.html},
    arxivId = {2v09201.0171}
}

@article{Kamali2015TowardsArchitectures,
    title = {{Towards correct and reusable Network-on-Chip architectures}},
    year = {2015},
    journal = {Modeling and Simulation of Computer Networks and Systems: Methodologies and Applications},
    author = {Kamali, Maryam and Petre, Luigia and Sere, Kaisa and Daneshtalab, Masoud},
    month = {4},
    pages = {357--392},
    publisher = {Elsevier Inc.},
    isbn = {9780128011584},
    doi = {10.1016/B978-0-12-800887-4.00012-2},
    keywords = {Abstraction, Buffer congestion, Correctness, Event-B, Formal Methods, Network-on-Chip (NoC), Refinement, Reusability, Rodin platform}
}

@article{Zhao2017UsingStudy,
    title = {{Using Vivado-HLS for Structural Design: a NoC Case Study}},
    year = {2017},
    author = {Zhao, Zhipeng and Hoe, James C.},
    month = {10},
    url = {http://arxiv.org/abs/1710.10290},
    arxivId = {1710.10290}
}